@article{Lewis2018Bountiful,
author = {Lewis, Andrew},
year = {2018},
month = {05},
pages = {135-158},
title = {The bountiful intersection of differential geometry, mechanics, and control theory},
volume = {1},
journal = {Annual Review of Control, Robotics, and Autonomous Systems},
doi = {10.1146/annurev-control-060117-105033}
}

@article{Lee2010Control,
  title={Control of complex maneuvers for a quadrotor UAV using geometric methods on SE (3)},
  author={Lee, Taeyoung and Leok, Melvin and McClamroch, N Harris},
  journal={arXiv preprint arXiv:1003.2005},
  year={2010}
}

@inproceedings{Lee2010Geometric,
  title={Geometric tracking control of a quadrotor UAV on SE (3)},
  author={Lee, Taeyoung and Leok, Melvin and McClamroch, N Harris},
  booktitle={49th IEEE conference on decision and control (CDC)},
  pages={5420--5425},
  year={2010},
  organization={IEEE}
}

@inproceedings{Zhang2007Robot,
  title={Robot optimal trajectory planning based on geodesics},
  author={Zhang, Liandong and Zhou, Changjiu},
  booktitle={2007 IEEE International Conference on Control and Automation},
  pages={2433--2436},
  year={2007},
  organization={IEEE}
}

@article{Hertzberg2013Integrating,
  title={Integrating generic sensor fusion algorithms with sound state representations through encapsulation of manifolds},
  author={Hertzberg, Christoph and Wagner, Ren{\'e} and Frese, Udo and Schr{\"o}der, Lutz},
  journal={Information Fusion},
  volume={14},
  number={1},
  pages={57--77},
  year={2013},
  publisher={Elsevier}
}

@article{Lageman2010Gradient,
  title={Gradient-like observers for invariant dynamics on a Lie group},
  author={Lageman, Christian and Trumpf, Jochen and Mahony, Robert},
  journal={IEEE Transactions on Automatic Control},
  volume={55},
  number={2},
  pages={367--377},
  year={2010},
  publisher={IEEE}
}

@inproceedings{Euston2008Complementary,
  title={A complementary filter for attitude estimation of a fixed-wing UAV},
  author={Euston, Mark and Coote, Paul and Mahony, Robert and Kim, Jonghyuk and Hamel, Tarek},
  booktitle={2008 IEEE/RSJ International Conference on Intelligent Robots and Systems},
  pages={340--345},
  year={2008},
  organization={IEEE}
}

@book{Bullo2004Geometric,
  title={Geometric control of mechanical systems: modeling, analysis, and design for simple mechanical control systems},
  author={Bullo, Francesco and Lewis, Andrew D},
  volume={49},
  year={2004},
  publisher={Springer Science \& Business Media}
}

@article{Zlotnik2018Higher,
  title={Higher-Order Nonlinear Complementary Filtering on Lie Groups},
  author={Zlotnik, David Evan and Forbes, James Richard},
  journal={IEEE Transactions on Automatic Control},
  year={2018},
  publisher={IEEE}
}

@book{Applebaum2014Probability,
  title={Probability on compact Lie groups},
  author={Applebaum, David and Heyer, Herbert},
  volume={70},
  year={2014},
  publisher={Springer}
}
